<?xml version="1.0"?>
<marc:collection xmlns:marc="http://www.loc.gov/MARC21/slim" xmlns:xsi="http://www.w3.org/2001/XMLSchema-instance" xsi:schemaLocation="http://www.loc.gov/MARC21/slim http://www.loc.gov/standards/marcxml/schema/MARC21slim.xsd">
   <marc:record type="Bibliographic">
      <marc:leader>01469cam a2200385   4500</marc:leader>
      <marc:controlfield tag="001">2768854</marc:controlfield>
      <marc:controlfield tag="003">NjP</marc:controlfield>
      <marc:controlfield tag="005">20141111103801.0</marc:controlfield>
      <marc:controlfield tag="008">941007s1970    iq       b    000 0 arar </marc:controlfield>
      <marc:datafield tag="024" ind1="7" ind2=" ">
         <marc:subfield code="a">princeton_aco000147</marc:subfield>
         <marc:subfield code="2">local</marc:subfield>
      </marc:datafield>
      <marc:datafield tag="010" ind1=" " ind2=" ">
         <marc:subfield code="a">   72268637 </marc:subfield>
      </marc:datafield>
      <marc:datafield tag="035" ind1=" " ind2=" ">
         <marc:subfield code="a">(OCoLC)ocn178408044</marc:subfield>
      </marc:datafield>
      <marc:datafield tag="035" ind1=" " ind2=" ">
         <marc:subfield code="a">(OCoLC)ocm31238858</marc:subfield>
      </marc:datafield>
      <marc:datafield tag="035" ind1=" " ind2=" ">
         <marc:subfield code="a">(OCoLC)178408044</marc:subfield>
      </marc:datafield>
      <marc:datafield tag="035" ind1=" " ind2=" ">
         <marc:subfield code="9">CNG5264TS</marc:subfield>
      </marc:datafield>
      <marc:datafield tag="035" ind1=" " ind2=" ">
         <marc:subfield code="a">(NjP)2768854</marc:subfield>
      </marc:datafield>
      <marc:datafield tag="040" ind1=" " ind2=" ">
         <marc:subfield code="a">DLC</marc:subfield>
         <marc:subfield code="c">PUL</marc:subfield>
         <marc:subfield code="d">PUL</marc:subfield>
      </marc:datafield>
      <marc:datafield tag="049" ind1=" " ind2=" ">
         <marc:subfield code="a">PULL</marc:subfield>
      </marc:datafield>
      <marc:datafield tag="050" ind1="0" ind2=" ">
         <marc:subfield code="a">PJ7541</marc:subfield>
         <marc:subfield code="b">.B37</marc:subfield>
      </marc:datafield>
      <marc:datafield tag="066" ind1=" " ind2=" ">
         <marc:subfield code="c">(3</marc:subfield>
      </marc:datafield>
      <marc:datafield tag="079" ind1=" " ind2=" ">
         <marc:subfield code="a">ocm31238858</marc:subfield>
      </marc:datafield>
      <marc:datafield tag="100" ind1="1" ind2=" ">
         <marc:subfield code="6">880-01</marc:subfield>
         <marc:subfield code="a">Bas&#x323;ri&#x304;, &#x2BB;Abd al-Jabba&#x304;r Da&#x304;wu&#x304;d.</marc:subfield>
      </marc:datafield>
      <marc:datafield tag="245" ind1="1" ind2="3">
         <marc:subfield code="6">880-02</marc:subfield>
         <marc:subfield code="a">al-Adab al-taka&#x304;muli&#x304;</marc:subfield>
         <marc:subfield code="c">[ta&#x2BE;li&#x304;f] &#x2BB;Abd al-Jabba&#x304;r Da&#x304;wu&#x304;d al-Bas&#x323;ri&#x304;.</marc:subfield>
      </marc:datafield>
      <marc:datafield tag="260" ind1=" " ind2=" ">
         <marc:subfield code="6">880-03</marc:subfield>
         <marc:subfield code="a">[Baghda&#x304;d]</marc:subfield>
         <marc:subfield code="b">Mat&#x323;ba&#x2BB;at al-Jumhu&#x304;ri&#x304;yah,</marc:subfield>
         <marc:subfield code="c">1970.</marc:subfield>
      </marc:datafield>
      <marc:datafield tag="300" ind1=" " ind2=" ">
         <marc:subfield code="a">152 p.</marc:subfield>
         <marc:subfield code="c">24 cm.</marc:subfield>
      </marc:datafield>
      <marc:datafield tag="440" ind1=" " ind2="0">
         <marc:subfield code="6">880-04</marc:subfield>
         <marc:subfield code="a">Silsilat al-kutub al-h&#x323;adi&#x304;thah ;</marc:subfield>
         <marc:subfield code="v">32</marc:subfield>
      </marc:datafield>
      <marc:datafield tag="500" ind1=" " ind2=" ">
         <marc:subfield code="a">At head of title: Wiza&#x304;rat al-thaqa&#x304;fah wa-al-i&#x2BB;la&#x304;m. Mudi&#x304;ri&#x304;yat al-thaqa&#x304;fah al-&#x2BB;a&#x304;mmah.</marc:subfield>
      </marc:datafield>
      <marc:datafield tag="504" ind1=" " ind2=" ">
         <marc:subfield code="a">Includes bibliographical references.</marc:subfield>
      </marc:datafield>
      <marc:datafield tag="650" ind1=" " ind2="0">
         <marc:subfield code="a">Arabic poetry.</marc:subfield>
      </marc:datafield>
      <marc:datafield tag="880" ind1="1" ind2=" ">
         <marc:subfield code="6">100-01/(3/r</marc:subfield>
         <marc:subfield code="a">&#x628;&#x635;&#x631;&#x64A;&#x60C; &#x639;&#x628;&#x62F; &#x627;&#x644;&#x62C;&#x628;&#x627;&#x631; &#x62F;&#x627;&#x648;&#x62F;.</marc:subfield>
      </marc:datafield>
      <marc:datafield tag="880" ind1="1" ind2="2">
         <marc:subfield code="6">245-02/(3/r</marc:subfield>
         <marc:subfield code="a">&#x627;&#x644;&#x627;&#x62F;&#x628; &#x627;&#x644;&#x62A;&#x643;&#x627;&#x645;&#x644;&#x64A;</marc:subfield>
         <marc:subfield code="c">[&#x62A;&#x623;&#x644;&#x64A;&#x641;] &#x639;&#x628;&#x62F; &#x627;&#x644;&#x62C;&#x628;&#x627;&#x631; &#x62F;&#x627;&#x648;&#x62F; &#x627;&#x644;&#x628;&#x635;&#x631;&#x64A;.</marc:subfield>
      </marc:datafield>
      <marc:datafield tag="880" ind1=" " ind2=" ">
         <marc:subfield code="6">260-03/(3/r</marc:subfield>
         <marc:subfield code="a">[&#x628;&#x63A;&#x62F;&#x627;&#x62F;]</marc:subfield>
         <marc:subfield code="b">&#x645;&#x637;&#x628;&#x639;&#x629; &#x627;&#x644;&#x62C;&#x645;&#x647;&#x648;&#x631;&#x64A;&#x629;&#x60C;</marc:subfield>
         <marc:subfield code="c">1970.</marc:subfield>
      </marc:datafield>
      <marc:datafield tag="880" ind1=" " ind2="0">
         <marc:subfield code="6">440-04/(3/r</marc:subfield>
         <marc:subfield code="a">&#x633;&#x644;&#x633;&#x644;&#x629; &#x627;&#x644;&#x643;&#x62A;&#x628; &#x627;&#x644;&#x62D;&#x62F;&#x64A;&#x62B;&#x629; &#x61B;</marc:subfield>
         <marc:subfield code="v">32</marc:subfield>
      </marc:datafield>
      <marc:datafield tag="852" ind1="0" ind2=" ">
         <marc:subfield code="b">nec</marc:subfield>
         <marc:subfield code="h">PJ7541</marc:subfield>
         <marc:subfield code="i">.B377 1970</marc:subfield>
         <marc:subfield code="p">3079683</marc:subfield>
         <marc:subfield code="x">reclassed from: 2258.149.3</marc:subfield>
      </marc:datafield>
      <marc:datafield tag="911" ind1=" " ind2=" ">
         <marc:subfield code="a">20000130</marc:subfield>
      </marc:datafield>
      <marc:datafield tag="994" ind1=" " ind2=" ">
         <marc:subfield code="a">C0</marc:subfield>
         <marc:subfield code="b">PUL</marc:subfield>
      </marc:datafield>
      <marc:datafield tag="999" ind1=" " ind2=" ">
         <marc:subfield code="a">2768854</marc:subfield>
      </marc:datafield>
   </marc:record>
</marc:collection>
